<record><leader>00000cas a2200000Ma 4500</leader><controlfield tag="001">10815581</controlfield><controlfield tag="008">840607d17931793nhuwr ne      0    0eng d</controlfield><controlfield tag="009">330</controlfield><datafield ind1=" " ind2=" " tag="010"><subfield code="a">sn 84023322 </subfield></datafield><datafield ind1=" " ind2=" " tag="040"><subfield code="a">AQM</subfield><subfield code="b">eng</subfield><subfield code="c">AQM</subfield><subfield code="d">OCLCG</subfield></datafield><datafield ind1="0" ind2=" " tag="130"><subfield code="a">Herald of liberty (Exeter, N.H.)</subfield></datafield><datafield ind1="0" ind2="4" tag="245"><subfield code="a">The Herald of liberty.</subfield></datafield><datafield ind1=" " ind2=" " tag="260"><subfield code="a">Exeter, N.H. :</subfield><subfield code="b">Henry Ranlet,</subfield><subfield code="c">1793.</subfield></datafield><datafield ind1=" " ind2=" " tag="300"><subfield code="a">1 v.</subfield></datafield><datafield ind1=" " ind2=" " tag="310"><subfield code="a">Weekly</subfield></datafield><datafield ind1="0" ind2=" " tag="362"><subfield code="a">Vol. 7, no. 33 (Feb. 20, 1793)-v. 7, no. 44 (May 8, 1793).</subfield></datafield><datafield ind1="4" ind2=" " tag="510"><subfield code="a">Evans</subfield><subfield code="c">25599</subfield></datafield><datafield ind1="4" ind2=" " tag="510"><subfield code="a">Brigham, C.S. Amer. newspapers,</subfield><subfield code="c">p. 452</subfield></datafield><datafield ind1=" " ind2="7" tag="655"><subfield code="a">Newspapers.</subfield><subfield code="2">rbgenr</subfield></datafield><datafield ind1="1" ind2=" " tag="700"><subfield code="a">Ranlet, Henry,</subfield><subfield code="d">1762-1807,</subfield><subfield code="e">publisher.</subfield></datafield><datafield ind1=" " ind2=" " tag="752"><subfield code="a">United States</subfield><subfield code="b">New Hampshire</subfield><subfield code="c">Rockingham</subfield><subfield code="d">Exeter.</subfield></datafield><datafield ind1="0" ind2="0" tag="780"><subfield code="t">Newhampshire gazetteer</subfield><subfield code="w">(DLC)sn 84023133</subfield></datafield><datafield ind1="0" ind2="0" tag="785"><subfield code="t">American herald of liberty</subfield><subfield code="w">(DLC)sn 84023134</subfield></datafield></record>